<?xml version="1.0" encoding="UTF-8"?><collection xmlns="http://www.loc.gov/MARC21/slim"><record><leader>00507nam--2200181-i-4500</leader><controlfield tag="001">000022759</controlfield><controlfield tag="002">20161230</controlfield><controlfield tag="005">20161230201034</controlfield><controlfield tag="008">060222s1000------------r-----000-0-eng-d</controlfield><datafield ind1=" " ind2=" " tag="040"><subfield code="a">IFIN-HH</subfield></datafield><datafield ind1=" " ind2=" " tag="080"><subfield code="a">537.531</subfield></datafield><datafield ind1="1" ind2=" " tag="100"><subfield code="a">Stout, George H</subfield></datafield><datafield ind1="1" ind2="0" tag="245"><subfield code="a">X-ray structure determination</subfield><subfield code="b">A practical guide</subfield><subfield code="c">George h. stout, lyle h. jensen</subfield></datafield><datafield ind1=" " ind2=" " tag="260"><subfield code="a">New York</subfield><subfield code="b">The Macmillan Company</subfield><subfield code="c">1968</subfield></datafield><datafield ind1=" " ind2=" " tag="300"><subfield code="a">XI + 467P</subfield></datafield><datafield ind1="1" ind2=" " tag="700"><subfield code="a">Jensen, Lyle H</subfield></datafield><datafield ind1=" " ind2=" " tag="852"><subfield code="a">28750</subfield><subfield code="c">537.531</subfield></datafield><datafield ind1=" " ind2=" " tag="CAT"><subfield code="a">Sys</subfield><subfield code="c">20110809</subfield><subfield code="h">160100</subfield></datafield></record></collection>